@misc{Selenium, 
  author = {Selenium-HQ},
  booktitle = {selenium.com},
  title = {{Test automation for Web Applications}},
  note = {\url{http://docs.seleniumhq.org/docs/}},
  year = {2014}
}

